<record><leader>00000cas a22000007a 4500</leader><controlfield tag="001">8801282</controlfield><controlfield tag="008">820923c19489999ksudn ne      0   a0eng  </controlfield><datafield ind1=" " ind2=" " tag="010"><subfield code="a">sn 82015074 </subfield></datafield><datafield ind1=" " ind2=" " tag="040"><subfield code="a">DLC</subfield><subfield code="b">eng</subfield><subfield code="c">DLC</subfield><subfield code="d">NPT</subfield><subfield code="d">DLC</subfield><subfield code="d">OCLCQ</subfield></datafield><datafield ind1=" " ind2=" " tag="042"><subfield code="a">msc</subfield></datafield><datafield ind1="0" ind2="0" tag="050"><subfield code="a">Newspaper 7856</subfield></datafield><datafield ind1="0" ind2="0" tag="245"><subfield code="a">Russell daily news.</subfield></datafield><datafield ind1=" " ind2=" " tag="260"><subfield code="a">Russell, Kan. :</subfield><subfield code="b">R.T. Townsley</subfield></datafield><datafield ind1=" " ind2=" " tag="300"><subfield code="a">v. :</subfield><subfield code="b">ill. ;</subfield><subfield code="c">61 cm.</subfield></datafield><datafield ind1=" " ind2=" " tag="310"><subfield code="a">Daily (except Sun.)</subfield></datafield><datafield ind1="1" ind2=" " tag="362"><subfield code="a">Began with May 13, 1948 issue?</subfield></datafield><datafield ind1=" " ind2=" " tag="500"><subfield code="a">June 3, 1961 called also Prairiesta souvenir ed.</subfield></datafield><datafield ind1=" " ind2=" " tag="500"><subfield code="a">Publisher varies.</subfield></datafield><datafield ind1=" " ind2=" " tag="500"><subfield code="a">"Independent."</subfield></datafield><datafield ind1=" " ind2=" " tag="588"><subfield code="a">Description based on: Vol. 31, no. 13 (June 3, 1961).</subfield></datafield><datafield ind1=" " ind2=" " tag="752"><subfield code="a">United States</subfield><subfield code="b">Kansas</subfield><subfield code="c">Russell</subfield><subfield code="d">Russell.</subfield></datafield><datafield ind1="0" ind2="0" tag="780"><subfield code="t">Russell County news (Russell, Kan.)</subfield><subfield code="w">(DLC)sn 85029795</subfield></datafield><datafield ind1="1" ind2=" " tag="029"><subfield code="a">AU@</subfield><subfield code="b">000025826742</subfield></datafield></record>